<record>
    <leader> cx j22 3 45 </leader>
    <controlfield tag="001">02731667X</controlfield>
    <controlfield tag="003">http://www.idref.fr/02731667X</controlfield>
    <controlfield tag="004">19810429</controlfield>
    <controlfield tag="005">20210616110922.000</controlfield>
    <controlfield tag="006">0004</controlfield>
    <controlfield tag="007">341720001</controlfield>
    <controlfield tag="008">Td8</controlfield>
    <datafield tag="033" ind1=" " ind2=" ">
        <subfield code="a">http://catalogue.bnf.fr/ark:/12148/cb119385401</subfield>
        <subfield code="2">BNF</subfield>
        <subfield code="d">20170201</subfield>
    </datafield>
    <datafield tag="035" ind1=" " ind2=" ">
        <subfield code="a">frBN001610095</subfield>
    </datafield>
    <datafield tag="035" ind1=" " ind2=" ">
        <subfield code="a">FRBNF119385408</subfield>
        <subfield code="z">FRBNF11938540</subfield>
    </datafield>
    <datafield tag="100" ind1=" " ind2=" ">
        <subfield code="a">19810429afrey50 ba0</subfield>
    </datafield>
    <datafield tag="106" ind1=" " ind2=" ">
        <subfield code="a">2</subfield>
        <subfield code="b">0</subfield>
        <subfield code="c">1</subfield>
    </datafield>
    <datafield tag="152" ind1=" " ind2=" ">
        <subfield code="b">rameau</subfield>
    </datafield>
    <datafield tag="250" ind1=" " ind2=" ">
        <subfield code="7">ba0yba0y</subfield>
        <subfield code="9">#</subfield>
        <subfield code="a">Conventions collectives</subfield>
    </datafield>
    <datafield tag="330" ind1="1" ind2=" ">
        <subfield code="7">ba0yba0y</subfield>
        <subfield code="a">S'emploie également en subdivision, pour indexer des documents restreints à un secteur particulier, aux industries ou aux catégories de personnes (catégories socioprofessionnelles ou de personnel), à défaut de vedettes appropriées désignant l'industrie ou le secteur économique concerné</subfield>
    </datafield>
    <datafield tag="450" ind1=" " ind2=" ">
        <subfield code="7">ba0yba0y</subfield>
        <subfield code="9">#</subfield>
        <subfield code="a">Contrats collectifs</subfield>
    </datafield>
    <datafield tag="450" ind1=" " ind2=" ">
        <subfield code="7">ba0yba0y</subfield>
        <subfield code="9">#</subfield>
        <subfield code="a">Salaires</subfield>
        <subfield code="x">Conventions collectives</subfield>
    </datafield>
    <datafield tag="550" ind1=" " ind2=" ">
        <subfield code="0">Voir aussi</subfield>
        <subfield code="3">031077277</subfield>
        <subfield code="5">z|xxx</subfield>
        <subfield code="7">ba0yba0y</subfield>
        <subfield code="a">Travail</subfield>
        <subfield code="x">Normalisation</subfield>
    </datafield>
    <datafield tag="550" ind1=" " ind2=" ">
        <subfield code="0">Voir aussi</subfield>
        <subfield code="3">034127518</subfield>
        <subfield code="5">z|xxx</subfield>
        <subfield code="7">ba0yba0y</subfield>
        <subfield code="a">Représentativité syndicale</subfield>
    </datafield>
    <datafield tag="550" ind1=" " ind2=" ">
        <subfield code="3">028701615</subfield>
        <subfield code="5">h|xxx</subfield>
        <subfield code="7">ba0yba0y</subfield>
        <subfield code="a">Avantages acquis (droit du travail)</subfield>
    </datafield>
    <datafield tag="550" ind1=" " ind2=" ">
        <subfield code="3">050154672</subfield>
        <subfield code="5">h|xxx</subfield>
        <subfield code="7">ba0yba0y</subfield>
        <subfield code="a">Clauses de sécurité syndicale</subfield>
    </datafield>
    <datafield tag="550" ind1=" " ind2=" ">
        <subfield code="3">027302938</subfield>
        <subfield code="5">g|xxx</subfield>
        <subfield code="7">ba0yba0y</subfield>
        <subfield code="a">Négociations collectives</subfield>
    </datafield>
    <datafield tag="686" ind1=" " ind2=" ">
        <subfield code="a">330</subfield>
        <subfield code="c">Économie politique</subfield>
        <subfield code="2">Note de regroupement par domaine</subfield>
    </datafield>
    <datafield tag="801" ind1=" " ind2="0">
        <subfield code="a">FR</subfield>
        <subfield code="b">FR-751131015</subfield>
        <subfield code="c">20060601</subfield>
    </datafield>
    <datafield tag="801" ind1=" " ind2="3">
        <subfield code="a">FR</subfield>
        <subfield code="b">Abes</subfield>
        <subfield code="c">20210616</subfield>
        <subfield code="g">AFNOR</subfield>
    </datafield>
    <datafield tag="822" ind1=" " ind2=" ">
        <subfield code="a">Collective labor agreements</subfield>
        <subfield code="2">LCSH</subfield>
        <subfield code="u">http://id.loc.gov/authorities/subjects/sh85028110</subfield>
        <subfield code="d">2017-02-09</subfield>
    </datafield>
    <datafield tag="822" ind1=" " ind2=" ">
        <subfield code="a">Conventions collectives</subfield>
        <subfield code="2">RVMLaval</subfield>
        <subfield code="d">2006-06-01</subfield>
    </datafield>
    <datafield tag="898" ind1=" " ind2=" ">
        <subfield code="a">Réforme Rameau janvier 2019 Td ouverte à la subd. géogr.</subfield>
        <subfield code="d">20190215</subfield>
    </datafield>
    <datafield tag="950" ind1=" " ind2=" ">
        <subfield code="a">Conventions collectives</subfield>
    </datafield>
    <datafield tag="951" ind1=" " ind2=" ">
        <subfield code="a">Contrats collectifs</subfield>
    </datafield>
    <datafield tag="951" ind1=" " ind2=" ">
        <subfield code="a">Salaires -- Conventions collectives</subfield>
    </datafield>
</record>